4296 6064
585 685 587 689 ,
798 634 910 698 nova
934 642 1130 709 nnruono
1156 631 1463 724 annonarium

934 906 1315 996 onnonsrnnmo

334 1154 336 1159 ι
377 1058 586 1139 Nascantur
614 1072 764 1147 residua
792 1102 828 1168 c,
855 1082 889 1169 d,
918 1108 935 1156 c
964 1088 1033 1160 eto.
1062 1114 1107 1162 ex
1136 1097 1395 1189 potestatibus
1424 1117 1476 1199 cd,
1505 1109 1555 1204 al,
1584 1126 1624 1189 rcy
1643 1123 1680 1193 et

273 1184 385 1256 etiam
412 1187 569 1264 maiores
599 1217 713 1288 quam
731 1201 775 1271 N
788 1203 828 1275 iu
853 1209 1014 1284 residuis
1044 1213 1280 1298 admittendo
1306 1250 1353 1301 ex
1382 1235 1639 1325 potestatibus
1667 1244 1736 1336 ecit,
1754 1249 1821 1340 rw,
1841 1254 1899 1327 xa
1919 1262 1985 1333 etc.

272 1309 436 1381 orientur
462 1314 610 1390 residua
638 1318 684 1405 cl,
713 1320 757 1411 nl,
787 1324 823 1397 aa
856 1334 935 1420 etc,
973 1360 1069 1430 quae
1103 1342 1223 1438 igitur
1258 1351 1377 1431 etiam
1411 1358 1452 1429 in
1488 1364 1582 1436 serie
1618 1371 1856 1451 residuorum
1886 1386 1918 1472 1,
1947 1409 1983 1475 c,

169 1439 170 1442 ’
270 1432 302 1520 t,
335 1455 352 1504 c
384 1437 450 1507 eto.
485 1426 784 1522 continebuntur.
846 1454 943 1530 Tum
976 1481 1065 1535 vero
1099 1472 1312 1560 potestates
1345 1477 1447 1573 affl,
1482 1487 1579 1578 affl,
1607 1489 1743 1564 poema
1772 1504 1839 1574 etc.
1873 1487 1983 1582 reliu-

173 1628 174 1631 ,
269 1559 383 1650 quent
408 1561 555 1636 residua
583 1568 642 1657 ac,
672 1594 730 1660 oc,
760 1576 829 1649 cto
856 1582 940 1669 ete,
971 1608 1067 1680 quae
1096 1612 1184 1688 ergo
1216 1599 1334 1673 etiam
1361 1605 1402 1676 in
1432 1611 1527 1682 serie
1555 1617 1795 1697 residuorum
1822 1628 1981 1708 inveniri

268 1679 459 1756 debebunt.
521 1688 711 1768 Producta
746 1699 862 1793 igitur
899 1712 1237 1814 quomodocunque
1276 1748 1322 1796 ex
1358 1731 1520 1807 residuis
1560 1742 1594 1826 1,
1624 1766 1660 1831 c,
1690 1745 1722 1833 t,
1752 1772 1770 1821 c
1807 1751 1874 1826 etc.
1914 1780 1980 1850 per

266 1807 613 1901 multiplicationem
641 1818 805 1897 formata
825 1831 951 1904 omnia
969 1833 1010 1906 in
1030 1838 1162 1915 eadem
1182 1847 1277 1920 serie
1297 1853 1537 1933 residuorum
1557 1876 1764 1958 occurrent,
1794 1876 1978 1971 siquidem

266 1930 409 2027 singula
435 1957 501 2029 per
528 1940 759 2019 ablationem
788 1949 961 2029 divisoris
989 1960 1040 2046 N,
1072 1968 1221 2058 quoties
1250 1972 1290 2046 id
1317 1976 1413 2050 fieri,
1429 1984 1567 2076 potest,
1602 1991 1651 2064 ad
1679 1996 1874 2074 minimam
1902 2005 1974 2079 for·
2056 1976 2058 1979 .

263 2079 361 2128 mam
389 2060 621 2138 reducantur.
678 2070 715 2154 o.
743 2073 784 2145 E.
813 2075 852 2148 D.

914 2292 1256 2425 eononnnnluu
1286 2314 1305 2385 l

362 2451 414 2524 43.
455 2452 555 2529 Haeo
589 2458 734 2536 indoles
769 2469 1007 2548 residuorum
1042 2502 1086 2553 eo
1124 2483 1261 2561 clarius
1295 2492 1478 2587 eluceret,
1516 2505 1547 2575 si
1583 2529 1716 2585 eorum
1749 2515 1832 2590 loeo
1868 2520 1971 2616 ipsae

258 2571 342 2662 illae
370 2577 575 2668 potestates
603 2584 722 2676 ipsius
749 2613 786 2680 n,
816 2595 914 2670 unde
943 2602 1033 2674 sunt
1066 2607 1161 2696 orta,
1195 2614 1495 2713 substituantur;
1527 2631 1611 2702 tum
1641 2637 1741 2710 enirn
1769 2645 1968 2723 manifesto

257 2719 330 2769 non
363 2701 481 2773 solum
514 2727 642 2782 omnes
676 2716 885 2806 potestates
917 2724 1054 2801 harum
1086 2736 1336 2830 potestatum,
1375 2747 1441 2820 sed
1475 2752 1591 2827 etiam
1625 2782 1753 2836 earum
1785 2769 1969 2860 producta

257 2844 492 2921 quaecunque
519 2830 558 2904 iu
587 2836 745 2912 residuis
776 2851 985 2924 occurrunt.

906 3062 1250 3203 eononnnnlun
1277 3135 1299 3205 2

355 3271 407 3343 44.
447 3274 577 3372 Neque
604 3281 732 3357 tamen
759 3288 842 3364 ideo
862 3315 1041 3372 numerus
1071 3303 1309 3383 residuorum
1329 3313 1645 3401 indeterminatus
1670 3334 1808 3426 evadit;
1838 3363 1963 3435 quem-

250 3391 448 3474 admodum
480 3403 579 3478 enim
610 3407 688 3480 iam
724 3412 886 3490 vidimus
923 3442 969 3493 ex
1009 3424 1219 3505 innumeris
1256 3439 1514 3531 potestatibus
1551 3454 1658 3544 paria
1695 3461 1844 3537 residua
1876 3490 1962 3561 pro-

249 3519 384 3609 venire,
412 3523 474 3615 ita,
504 3528 535 3601 si
565 3534 692 3606 omnia
719 3535 811 3613 haec
836 3544 986 3619 residua
1021 3571 1067 3624 ex
1094 3558 1231 3631 mutua
1258 3563 1577 3661 multiplicatione
1605 3582 1697 3653 nata
1724 3586 1771 3657 ad
1800 3588 1959 3667 formam

248 3642 438 3721 minimam
465 3653 702 3748 reducantur,
731 3662 778 3735 ad
807 3667 1094 3749 multitudinem
1121 3682 1312 3759 modicam
1339 3697 1626 3777 revocabuntur.

899 3954 1244 4041 COROLLARIUM
1272 3973 1292 4045 3

347 4113 399 4186 45.
440 4114 498 4190 lta
526 4119 557 4192 si
586 4123 743 4200 minima
770 4133 950 4224 potestas,
980 4161 1076 4234 quae
1100 4167 1170 4239 per
1187 4148 1232 4221 N
1246 4149 1367 4227 divisa
1391 4156 1530 4235 iterum
1555 4167 1742 4244 unitatem
1768 4176 1955 4273 relinquit,

243 4232 354 4340 fuerit
380 4248 425 4328 N,
453 4240 507 4316 ita
534 4245 579 4319 ut
610 4273 789 4329 numerus
821 4260 1059 4340 residuorum
1093 4271 1127 4357 l,
1158 4296 1194 4362 o,
1223 4274 1255 4367 b,
1285 4301 1302 4350 c
1333 4282 1401 4353 etc.
1431 4285 1482 4358 sit
1511 4319 1605 4380 za,
1638 4298 1723 4370 tum
1749 4299 1788 4374 in
1819 4305 1950 4380 eodem

243 4382 394 4440 numero
424 4371 548 4443 omnia
575 4374 760 4468 producta
789 4404 833 4455 ex
861 4387 1181 4484 multiplicatione
1210 4424 1457 4482 numerorum
1487 4435 1521 4503 o,
1551 4416 1583 4504 t,
1614 4423 1840 4499 catenata
1868 4453 1951 4505 con-

241 4485 466 4584 tinebuntur,
495 4495 679 4592 siquidem
713 4505 758 4577 ab
792 4508 837 4582 iis
871 4510 1014 4589 divisor
1042 4518 1086 4591 N
1107 4523 1235 4614 toties,
1273 4532 1422 4622 quoties
1457 4535 1539 4611 fieri
1574 4547 1711 4637 potest,
1748 4550 1949 4629 auferatur.

972 4800 1206 4884 SCHOLION

340 4958 393 5028 le.
436 4958 593 5037 Unicum
621 4971 835 5067 exemplum
863 4980 1036 5057 omnibus
1057 4983 1190 5079 dubiis,
1221 5016 1318 5087 quae
1342 4995 1441 5073 forte
1465 5004 1562 5079 circa
1585 5009 1682 5084 hanc
1706 5021 1949 5110 apparentem
2014 5108 2015 5114 ἵ

236 5079 467 5158 residuorum
494 5089 778 5171 multitudinem
807 5105 909 5177 nasci
941 5112 1117 5199 possunt,
1152 5115 1342 5195 solvendis
1376 5125 1547 5202 sufficiet.
1604 5133 1661 5207 sit
1688 5138 1805 5233 igitur
1831 5150 1947 5219 amr

237 5206 274 5277 et
301 5229 367 5300 pro
397 5208 554 5288 divisore
584 5223 756 5297 sumatur
789 5225 832 5299 N
840 5233 954 5321 215,
989 5235 1054 5330 qui
1088 5240 1231 5316 scilicet
1263 5246 1361 5320 add
1396 5252 1447 5325 sit
1478 5256 1639 5350 primus;
1673 5263 1745 5337 iam
1778 5266 1945 5363 singulae

235 5329 367 5405 binarii
394 5339 601 5430 potestates
626 5367 698 5441 per
726 5352 768 5424 15
798 5351 937 5429 divisae
966 5366 1163 5456 sequentia
1189 5370 1407 5469 relinquent
1435 5381 1598 5457 residua:

1683 1144 1710 1197 c.
1742 1148 1783 1198 ac
1810 1152 1986 1209 numeros
2082 1129 2086 1135 ’
