2864 4032
144 375 254 461 155256
292 415 406 460 sororio
420 414 572 459 ennarrans
585 413 756 466 QUORUNDAM
767 413 972 458 Praenestinum
984 411 1218 457 DIOPHANTEORUM
1244 412 1287 464 429

147 490 287 497 -—---·—·

143 574 249 616 sententia
264 573 397 616 referendum
413 574 445 615 est
460 571 570 628 problema
588 571 613 614 de
628 571 696 614 tribus
714 571 773 614 cubis
788 571 931 626 inveniendis,
950 585 1042 626 quornm
1060 584 1142 614 summa
1162 571 1190 613 sit
1206 583 1289 626 quoqne

144 657 216 713 cubus,
232 657 270 699 nbi
282 656 368 712 quidem
380 656 485 699 formulae
499 670 538 712 pro
551 655 656 698 radicibus
672 655 749 698 horum
765 655 869 698 cuborum
888 654 933 697 dari
947 656 1039 710 possunt
1053 653 1218 697 innumerabiles
1235 652 1267 695 sol
1282 676 1289 683 -
1345 700 1346 704 Ἰ

142 742 211 785 tiones
225 740 391 801 suppeditantes,
403 741 549 782 verumtamen
562 753 643 795 semper
654 742 681 781 iis
695 739 748 781 aliae
760 737 926 781 inumerabiles
940 738 1057 781 solutiones
1072 737 1212 780 excluduntur
1224 750 1288 791 aeque

143 824 303 880 satisfacientem
327 825 348 866 at
370 837 396 866 ex
417 823 510 866 inventis
532 825 575 865 iam
593 822 662 866 tribus
685 822 804 878 quibusque
823 820 946 864 huiusmodi
968 820 1028 863 cubis
1047 819 1213 863 innumerabiles
1230 819 1287 861 >aliae

142 922 210 952 norae
226 909 342 950 solutiones
359 906 451 949 derivari
466 907 563 962 possunt.

212 989 333 1034 Discrimen
347 992 404 1033 inter
419 989 457 1033 has
474 989 526 1033 duas
542 990 618 1033 classes
635 990 699 1031 etiam
714 990 745 1030 ita
757 988 870 1032 essentiale
884 989 915 1031 est
926 989 1002 1043 nsum,
1019 991 1043 1029 nt
1058 987 1139 1030 nullius
1156 987 1285 1043 quaestionis

144 1073 171 1117 ad
185 1076 324 1130 posteriorem
339 1075 466 1130 pertinentis
480 1073 558 1116 solutio
572 1073 676 1128 generalis
689 1071 784 1114 exhiberi
796 1085 860 1127 posse
872 1072 988 1127 putaretur.
1014 1069 1075 1113 Hane
1086 1073 1153 1126 igitur
1166 1072 1288 1126 opinionem

144 1156 226 1202 Auctor
244 1160 267 1200 in
285 1159 327 1200 ista
343 1156 492 1201 dissertatione
507 1157 590 1214 evertit,
609 1155 660 1198 dum
679 1154 772 1199 ostendit
787 1154 845 1197 idem
859 1154 969 1210 problema
985 1154 1010 1196 de
1026 1153 1093 1196 tribus
1110 1153 1178 1209 cubis,
1197 1167 1287 1209 quorum

144 1256 226 1284 summa
242 1242 269 1285 sit
285 1241 360 1297 cubus,
379 1242 410 1283 ita
424 1254 463 1297 per
478 1240 580 1283 formulas
596 1239 799 1295 generalesresolri
813 1225 885 1295 pdsse,
903 1240 927 1280 in
943 1238 1021 1294 quibus
1038 1233 1213 1280 omnes'omnino
1233 1237 1287 1279 solu-

143 1327 212 1369 tiones
225 1326 384 1380 contineantur3
402 1324 515 1367 methodus
528 1325 606 1381 aurem,
626 1337 668 1379 qua
683 1322 710 1365 ad
724 1322 762 1366 has
779 1323 882 1365 formulas
898 1323 1004 1378 pervenit,
1022 1335 1109 1376 prorsus
1126 1322 1157 1363 est
1174 1320 1288 1375 singularis

145 1422 169 1452 ae
184 1409 277 1465 plurime
292 1409 334 1452 alia
349 1410 445 1464 insignia
459 1409 589 1452 incrementa
604 1406 668 1451 huius
684 1405 804 1463 Analyseos
820 1409 888 1462 partis
904 1406 1001 1462 polliceri
1016 1404 1105 1447 videtur.

219 1686 238 1734 1.
260 1684 379 1748 hnalysis
390 1683 560 1744 Drornannns,
575 1695 638 1747 quae
650 1682 678 1730 in
689 1680 889 1748 problematibus
901 1678 1102 1729 indeterminatis
1118 1692 1163 1742 per
1174 1691 1290 1727 numeros

145 1768 280 1817 rationales
298 1768 340 1818 vel
358 1769 437 1817 etiam
457 1768 570 1830 integros
592 1765 718 1816 solvendis
739 1765 864 1823 versatur,
887 1763 993 1827 duplicis
1015 1763 1111 1826 generis
1134 1761 1290 1827 problemata

144 1852 255 1901 tractare
277 1852 350 1910 solet,
370 1866 480 1915 quorum
498 1850 631 1898 discrimen
648 1849 676 1897 in
698 1849 797 1897 ratione
821 1847 955 1897 solutionis
977 1847 1088 1894 maxime
1111 1846 1150 1894 est
1172 1845 1289 1908 positum.

146 1935 203 1984 Alia
225 1936 291 1985 enim
313 1934 473 1998 problemata
495 1934 533 1982 ita
556 1934 615 1982 ssent
638 1931 790 1995 comparata,
814 1931 844 1979 ut
867 1930 1005 1980 solutiones
1029 1929 1156 1992 generales
1181 1926 1290 1976 exhiberi

147 2020 245 2082 queant,
268 2033 332 2081 cquae
354 2032 442 2067 omnes
466 2017 541 2081 plane
561 2030 680 2065 numeros
702 2014 886 2065 satisfacientes
906 2013 934 2061 in
957 2027 982 2061 se
1008 2011 1219 2076 complementum
1242 2010 1291 2058 alia

146 2116 206 2151 vero
234 2101 335 2150 nonnisi
363 2100 502 2150 solutiones
529 2099 694 2162 particulares
723 2097 872 2158 admittant,
900 2096 941 2144 vel
970 2095 1061 2145 saltem
1088 2108 1132 2157 per
1158 2092 1290 2142 methodos

147 2184 259 2247 cognitas
283 2184 386 2254 nonnisi
409 2184 474 2232 tales
499 2183 636 2232 solutiones
662 2195 748 2231 eruere
772 2180 839 2240 licet,
863 2180 900 2229 ita
924 2179 954 2227 ut
978 2179 1078 2241 praeter
1100 2191 1224 2236 numeros,
1250 2176 1292 2238 qni

147 2267 212 2317 forte
233 2268 404 2331 reperiuntur,
429 2265 524 2315 infiniti
548 2265 591 2314 alii
615 2264 768 2329 problemati
793 2262 975 2312 satisfacientes
999 2261 1115 2319 existant,
1142 2259 1185 2324 qui
1206 2259 1233 2307 in
1255 2274 1292 2309 so-

147 2351 246 2400 lutione
270 2350 375 2402 inventa
400 2365 451 2399 non
476 2349 659 2399 contineantur.
702 2348 751 2397 libi
776 2346 878 2410 quidem
902 2346 929 2394 in
948 2359 1043 2409 ¹genere
1067 2344 1151 2392 notari
1176 2343 1293 2392 convenit

147 2434 238 2499 prioris
257 2433 352 2483 ordinis
370 2434 531 2498 problemata
552 2433 633 2482 multo
655 2432 754 2481 facilius
773 2429 867 2480 resolvi
889 2445 965 2493 qnam
986 2443 1026 2488 ea,
1048 2442 1111 2492 quae
1136 2425 1168 2475 ad
1187 2427 1293 2474 aiterum

149 2518 262 2568 ordinem
288 2518 444 2577 referuntur,
476 2517 569 2581 quippe
597 2530 661 2581 quae
688 2516 838 2579 plerumque
866 2512 1019 2576 singularem
1046 2510 1211 2573 sagacitatem
1238 2523 1294 2557 cum

149 2601 246 2651 eximiis
265 2601 379 2651 artificiis
398 2602 558 2650 coniunctam
576 2600 714 2664 requirunt,
736 2599 763 2646 in
785 2598 876 2661 quibus
896 2596 1006 2644 maxima
1027 2595 1065 2645 vis
1085 2594 1158 2643 huius
1178 2592 1294 2655 hnalysis

149 2685 265 2735 cernitur.
302 2684 384 2741 Quare
403 2684 435 2733 ob
453 2684 518 2732 hanc
537 2698 638 2732 causam
657 2682 817 2746 problemata
835 2679 999 2729 Drornannnn
1017 2679 1044 2727 in
1061 2678 1107 2727 has
1126 2676 1189 2725 duas
1205 2676 1294 2726 classes

149 2768 266 2818 distribui
284 2769 374 2818 debere
392 2767 518 2823 videntur,

220 2962 241 3011 2.
269 2960 431 3011 Drornsnrus
444 2959 545 3024 quidem
561 2957 615 3023 ipse
629 2957 742 3009 omniurn
758 2955 942 3021 quaestionum,
961 2968 1023 3018 quas
1038 2951 1139 3012 tractat,
1158 2951 1295 3001 solutiones

150 3046 251 3095 tanturn
275 3045 469 3110 specialissimas
494 3043 574 3092 tradit
600 3056 778 3105 numerosque,
808 3040 898 3104 quibus
926 3038 1001 3087 unica
1029 3037 1121 3087 solutio
1147 3034 1295 3093 continetur,

150 3131 297 3194 plerumque
320 3128 445 3178 indicasse
468 3128 508 3177 est
531 3126 670 3176 contentus.
706 3125 795 3189 Neque
819 3138 879 3174 vero
904 3122 957 3171 eius
982 3120 1116 3171 methodus
1140 3119 1171 3168 ad
1194 3118 1239 3168 has
1258 3133 1296 3167 so-

150 3215 260 3263 lutiones
279 3212 473 3277 specialissimas
493 3210 614 3260 adstricta
632 3211 671 3258 est
691 3207 815 3272 putanda;
841 3206 901 3270 quia
922 3205 989 3272 enim
1017 3205 1076 3253 tunc
1096 3197 1219 3266 temporis
1237 3216 1295 3251 usus

150 3297 300 3356 litterarum,
321 3297 411 3362 quibus
430 3294 529 3345 numeri
546 3293 670 3343 indefiniti
689 3291 859 3355 designentur,
878 3288 990 3338 norrdum
1006 3289 1060 3337 erat
1073 3287 1194 3351 receptus,
1213 3285 1296 3335 huius*

151 3382 219 3431 modi
239 3380 378 3431 solutiones
396 3379 474 3429 latins
493 3378 616 3444 patentes,
636 3376 723 3441 quales
741 3388 808 3425 nunc
828 3374 930 3438 quidem
948 3371 1060 3421 exhiberi
1079 3370 1167 3429 solent,
1192 3369 1295 3430 abipso

152 3466 279 3530 expectari
299 3480 352 3514 non
372 3463 502 3528 poterant3
528 3462 630 3510 interim
652 3461 741 3508 tamen
763 3459 835 3523 ipsae
860 3456 979 3518 methodi,
1004 3454 1094 3519 quitus
1119 3453 1151 3502 ad
1173 3452 1297 3517 quaelibet

151 3550 310 3617 problemata
329 3547 449 3599 solvenda
467 3546 557 3606 utitur,
576 3558 653 3608 aeque
671 3543 724 3592 late
742 3543 833 3607 patent
852 3556 929 3605 quarn
946 3553 997 3598 eae,
1018 3552 1081 3601 quae
1098 3536 1173 3586 hodie
1195 3535 1254 3584 sunt
1270 3535 1297 3584 in
