2864 4032
183 1175 185 1180 ’
268 1181 329 1248 DE
348 1179 726 1249 PROBLEMATIBUS
743 1176 1143 1244 ‘INDETERMINATIS

190 1289 308 1368 QUAE
327 1288 568 1355 VIDENTUR
586 1287 699 1353 Paos
719 1285 853 1364 QUAM
872 1281 1231 1374 DETERMINATAt

121 1518 122 1521 Ἴ
477 1467 622 1509 Commentatio
639 1468 681 1507 253
697 1467 770 1507 indicis
782 1466 956 1506 Eunsrnonmerrr

189 1548 249 1588 ¹Novi
265 1546 403 1587 commentarii
415 1546 528 1587 academiae
541 1547 670 1585 scientiarum
682 1544 846 1594 Petropolitanae
860 1543 871 1579 6
886 1535 995 1597 (retest),
1010 1541 1212 1596 irenses—114-

528 1623 664 1664 Summarium
676 1622 750 1662 ibidem
762 1634 783 1672 p.
794 1621 877 1661 12-14
925 1655 926 1658 ,

587 1909 589 1916 Ι
615 1842 795 1889 serenantem

202 1966 360 2022 Argumentum
379 1964 443 2008 huius
467 1964 621 2007 dissertationis
643 1965 731 2005 omnino
754 1963 787 2005 est
807 1975 889 2004 novum
910 1963 972 2017 atque
994 1963 1100 2017 insignem
1121 1961 1276 2015 promotionem

131 2050 249 2106 Aualyseos
264 2048 446 2103 indeterminatae,
462 2061 516 2103 quae
528 2047 596 2102 ,surgo
612 2045 730 2089 methodus
740 2044 898 2088 Drornerrnn
913 2044 1017 2100 appellari
1033 2044 1094 2099 solet,
1110 2044 1206 2099 polliceri
1220 2043 1276 2087 side·
1329 2047 1330 2050 ’

58 2117 59 2120 ¹
131 2136 174 2189 tur,
194 2132 298 2188 siquidem
317 2133 394 2174 summi
409 2129 502 2172 EULERI
516 2131 607 2185 vestigia
625 2128 740 2185 premendo
761 2130 821 2171 omni
840 2127 911 2170 studio
930 2127 1016 2171 uberius
1035 2127 1147 2170 excolatur.
1181 2126 1276 2169 Primum

131 2218 202 2259 autem
220 2217 337 2257 accuratius
359 2213 395 2256 hic
414 2212 523 2255 definitam
544 2215 649 2256 cernimus
671 2211 766 2254 indolem
784 2212 942 2267 problematum
962 2210 1181 2266 indeterminatorum,
1206 2211 1276 2266 qualia

131 2299 216 2356 quidem
231 2297 382 2341 Drorflnnrns
401 2297 547 2352 pertractavit,
567 2309 620 2351 quae
635 2293 701 2350 vulgo
720 2308 832 2350 perperam
849 2294 1015 2337 innumerabiles
1036 2293 1151 2337 solutiones
1167 2292 1275 2337 admittere

130 2382 234 2426 ridentur.
264 2379 348 2423 Natura
368 2380 450 2422 seilicet
469 2383 571 2435 cuiusque
590 2380 719 2435 quaestionis
740 2391 765 2420 ex
782 2391 820 2421 sua
838 2380 906 2433 ipsius
924 2377 996 2421 indole
1011 2379 1082 2433 potius
1099 2391 1162 2433 quam
1180 2391 1205 2418 ex
1220 2377 1274 2419 solu-

130 2468 198 2522 tione,
218 2479 271 2521 quae
289 2466 352 2507 initio
370 2462 468 2506 nondum
487 2464 578 2517 constat,
599 2461 711 2505 diiudicari
729 2461 796 2505 debet.
827 2460 861 2504 lta
877 2460 953 2503 dantur
969 2461 1101 2516 quaestiones
1116 2460 1198 2502 nullam
1213 2460 1274 2515 plane

131 2549 260 2592 solutionem
278 2547 423 2602 admittentes,
444 2559 498 2602 quae
515 2547 587 2589 tamen
604 2545 745 2589 nihilominus
765 2544 792 2587 ad
807 2544 979 2587 indeterminatas
997 2544 1046 2587 sunt
1061 2542 1188 2599 referendae,
1207 2543 1274 2584 ¹veluti

131 2635 149 2677 si
169 2633 296 2689 quaerantur
318 2631 359 2673 duo
381 2630 437 2685 uerbi,
461 2643 552 2686 quorum
572 2632 654 2673 summa
675 2630 703 2672 sit
723 2628 798 2684 cutus,
818 2628 853 2671 vel
871 2629 961 2682 quatuor
982 2626 1084 2683 quadrata
1102 2628 1126 2669 in
1146 2626 1275 2669 arithmetica

130 2718 285 2772 progressione.
321 2713 440 2769 Postquam
462 2716 519 2756 enim
540 2712 577 2756 diu
597 2713 731 2768 multumque
752 2714 777 2754 in
797 2712 831 2754 his
854 2710 959 2755 solvendis
984 2710 1049 2753 fuerit
1070 2710 1208 2764 elaboratum,
1229 2710 1274 2751 tum

131 2799 213 2842 demum
231 2800 366 2854 agnoscimus
382 2798 466 2840 nullam
482 2797 610 2840 solutionem
626 2796 677 2851 dari,
697 2795 754 2851 quod
771 2798 841 2837 autem
856 2809 902 2837 non
916 2793 1010 2849 impedit,
1027 2796 1139 2849 quominus
1154 2791 1274 2835 istiusmodi

131 2884 264 2938 quaestiones
283 2895 323 2938 pro
339 2881 509 2923 indeterminatis
525 2879 648 2923 habeantur.
681 2878 751 2922 Simili
768 2878 833 2921 modo
852 2878 930 2920 dantur
945 2878 1009 2919 etiam
1025 2875 1127 2919 eiusmodi
1142 2877 1273 2932 quaestiones
1314 2886 1316 2888 ’

130 2965 313 3021 indeterminatae,
333 2978 387 3020 quae
407 2966 479 3021 plures
498 2979 541 3006 rma
557 2963 674 3007 solutiones
689 2977 734 3005 non
751 2962 876 3017 admittunt,
894 2961 961 3004 veluti
980 2963 998 3003 si
1014 2961 1125 3015 quaeratur
1144 2958 1218 3014 cubus,
1238 2960 1274 3014 qui

130 3051 212 3092 unitate
233 3050 306 3092 anetus
328 3048 407 3091 efficiat
428 3047 560 3103 quadratum.
590 3045 667 3091 Melius
689 3060 738 3102 ergo
758 3045 893 3101 problemata
911 3043 1073 3086 indeterminata
1092 3043 1123 3084 ita
1140 3041 1273 3095 definiuntur,

131 3135 155 3175 ut
177 3132 273 3176 dieantur
295 3135 350 3176 circa
374 3147 474 3176 numeros
497 3132 610 3176 rationales
636 3132 721 3173 tantum
744 3144 767 3194 ac
793 3141 942 3184 saepenumero
964 3127 1059 3182 integros
1085 3126 1167 3167 tantum
1190 3125 1273 3167 versari.

130 3215 164 3259 Ita
180 3219 198 3259 si
213 3220 285 3272 quaeri
304 3217 395 3259 debeant
414 3216 455 3259 duo
476 3215 608 3272 btquadraia,
628 3228 718 3270 quorum
737 3226 820 3255 summa
838 3212 902 3254 faciat
921 3210 1055 3266 quadratum,
1074 3209 1168 3263 quaestio
1188 3209 1272 3250 omnino

131 3302 163 3342 eet
178 3300 241 3342 huius
257 3303 347 3358 generis,
363 3315 413 3344 cum
428 3300 488 3343 radix
504 3299 606 3356 quadrata
622 3313 647 3340 ex
663 3310 745 3340 summa
759 3295 935 3352 biquadratorum
951 3292 1025 3335 debeat
1040 3305 1084 3335 esse
1099 3304 1198 3334 numerus
1212 3290 1273 3332 ratio-

192 3478 214 3537 1)
232 3482 260 3522 Of.
274 3495 353 3534 quoque
369 3483 392 3523 L.
405 3483 484 3534 nouae,
503 3480 635 3529 Veterensem
647 3478 755 3528 Actaeone
770 3488 806 3517 aar
818 3475 913 3525 Alpesne,
929 3473 958 3515 St.
971 3472 1090 3524 Petersburg
1104 3472 1168 3522 1770,
1184 3471 1274 3521 Zweyter

131 3555 194 3606 Theil,
207 3556 293 3606 zweyter
305 3555 419 3605 Abschuitt,
433 3553 481 3605 Gap.
492 3556 529 3603 14;
541 3554 665 3593 narramur
675 3551 757 3590 Eorrar
771 3544 837 3598 Opera
849 3548 921 3596 onata,
934 3545 994 3586 series
1006 3544 1023 3595 I,
1035 3544 1073 3584 vol.
1085 3545 1103 3583 1.
1175 3542 1196 3583 F.
1209 3542 1232 3582 lt.
